<record><leader>00000cas a2200000 a 4500</leader><controlfield tag="001">10221134</controlfield><controlfield tag="008">831215c19849999wvudr ne      0   a0eng d</controlfield><datafield ind1=" " ind2=" " tag="010"><subfield code="a">sn 83005424 </subfield></datafield><datafield ind1=" " ind2=" " tag="040"><subfield code="a">NSD</subfield><subfield code="b">eng</subfield><subfield code="c">NSD</subfield><subfield code="d">WVC</subfield><subfield code="d">DLC</subfield><subfield code="d">WVC</subfield><subfield code="d">OCL</subfield><subfield code="d">OCLCQ</subfield><subfield code="d">CUS</subfield><subfield code="d">CUI</subfield><subfield code="d">OCLCQ</subfield><subfield code="d">OCLCF</subfield></datafield><datafield ind1=" " ind2=" " tag="012"><subfield code="k">1</subfield><subfield code="m">1</subfield></datafield><datafield ind1="1" ind2=" " tag="022"><subfield code="a">0746-6854</subfield><subfield code="l">0746-6854</subfield><subfield code="2">1</subfield></datafield><datafield ind1=" " ind2=" " tag="032"><subfield code="a">454640</subfield><subfield code="b">USPS</subfield></datafield><datafield ind1=" " ind2=" " tag="037"><subfield code="b">The Register/Herald, 801 N. Kanawha St., Beckley, W.Va. 25801</subfield></datafield><datafield ind1=" " ind2=" " tag="042"><subfield code="a">nsdp</subfield></datafield><datafield ind1=" " ind2=" " tag="043"><subfield code="a">n-us-wv</subfield></datafield><datafield ind1="1" ind2="4" tag="050"><subfield code="a">Newspaper</subfield></datafield><datafield ind1=" " ind2="4" tag="050"><subfield code="a">AN</subfield></datafield><datafield ind1="0" ind2=" " tag="130"><subfield code="a">Register/herald (Beckley, W. Va.)</subfield></datafield><datafield ind1=" " ind2="0" tag="222"><subfield code="a">Register/herald</subfield><subfield code="b">(Beckley, W.Va.)</subfield></datafield><datafield ind1="0" ind2="0" tag="245"><subfield code="a">Register/herald.</subfield></datafield><datafield ind1="1" ind2="0" tag="246"><subfield code="a">Register herald</subfield></datafield><datafield ind1=" " ind2=" " tag="260"><subfield code="a">Beckley, W. Va. :</subfield><subfield code="b">Beckley Newspapers,</subfield><subfield code="c">1984-</subfield></datafield><datafield ind1=" " ind2=" " tag="310"><subfield code="a">Daily</subfield></datafield><datafield ind1="0" ind2=" " tag="362"><subfield code="a">Vol. 105, no. 165 (Dec. 31, 1984)-</subfield></datafield><datafield ind1=" " ind2=" " tag="515"><subfield code="a">Continued numbering of: Raleigh register.</subfield></datafield><datafield ind1=" " ind2=" " tag="580"><subfield code="a">Merger of: Post-herald (Beckley, W.Va.), and: Raleigh register (Beckley, W.Va.)</subfield></datafield><datafield ind1=" " ind2="0" tag="651"><subfield code="a">Beckley (W. Va.)</subfield><subfield code="v">Newspapers.</subfield></datafield><datafield ind1=" " ind2="7" tag="655"><subfield code="a">Newspapers.</subfield><subfield code="2">fast</subfield><subfield code="0">(OCoLC)fst01423814</subfield></datafield><datafield ind1=" " ind2="7" tag="651"><subfield code="a">West Virginia</subfield><subfield code="z">Beckley.</subfield><subfield code="2">fast</subfield><subfield code="0">(OCoLC)fst01213379</subfield></datafield><datafield ind1=" " ind2=" " tag="752"><subfield code="a">United States</subfield><subfield code="b">West Virginia</subfield><subfield code="c">Raleigh</subfield><subfield code="d">Beckley.</subfield></datafield><datafield ind1="1" ind2="4" tag="780"><subfield code="t">Raleigh register (Beckley, W. Va.)</subfield><subfield code="w">(DLC)sn 86092267</subfield><subfield code="w">(OCoLC)13196345</subfield></datafield><datafield ind1="1" ind2="4" tag="780"><subfield code="t">Post-herald (Beckley, W. Va.)</subfield><subfield code="w">(DLC)sn 86092270</subfield><subfield code="w">(OCoLC)13196432</subfield></datafield></record>